%! Author = dylan
%! Date = 24/03/2023

@misc{gitlab,
    title="{GitLab Repository Index}",
    url={https://gitlab.eeecs.qub.ac.uk/40234266/csc4006-project},
    howpublished = "\url{https://gitlab.eeecs.qub.ac.uk/40234266/csc4006-project}",
    author="Dylan Wilson",
    year={2023},
    month={April}
}

@misc{container_registry,
    title="{GitLab Container Registry}",
    url={https://gitlab.dylanwilson.dev/qub/csc4006-project/container_registry},
    howpublished = "\url{https://gitlab.dylanwilson.dev/qub/csc4006-project/container_registry}",
    author="Dylan Wilson",
    year={2023},
    month={April}
}

@misc{config_files,
    title="{Sample Configuration Files}",
    url={https://gitlab.dylanwilson.dev/qub/csc4006-project/-/tree/main/config},
    howpublished = "\url{https://gitlab.dylanwilson.dev/qub/csc4006-project/-/tree/main/config}",
    author="Dylan Wilson",
    year={2023},
    month={April}
}

@misc{docs_site,
    title="{Documentation Site}",
    url={https://qub.pages.dylanwilson.dev/csc4006-project/},
    howpublished = "\url{https://gitslice.dylanwilson.dev/}",
    author="Dylan Wilson",
    year={2023},
    month={April}
}
